<record><leader>00000cas a22000007a 4500</leader><controlfield tag="001">18370213</controlfield><controlfield tag="008">880818d190u19uualuwr ne      0    0eng d</controlfield><datafield ind1=" " ind2=" " tag="010"><subfield code="a">sn 88050144 </subfield></datafield><datafield ind1=" " ind2=" " tag="040"><subfield code="a">CPN</subfield><subfield code="b">eng</subfield><subfield code="c">CPN</subfield><subfield code="d">OCLCQ</subfield></datafield><datafield ind1=" " ind2=" " tag="042"><subfield code="a">msc</subfield></datafield><datafield ind1="0" ind2=" " tag="130"><subfield code="a">News (Troy, Ala.)</subfield></datafield><datafield ind1="1" ind2="4" tag="245"><subfield code="a">The News.</subfield></datafield><datafield ind1=" " ind2=" " tag="260"><subfield code="a">Troy, Ala. :</subfield><subfield code="b">D.J. Baker</subfield></datafield><datafield ind1=" " ind2=" " tag="310"><subfield code="a">Weekly</subfield></datafield><datafield ind1=" " ind2=" " tag="588"><subfield code="a">Description based on: Vol. 1, no. 34 (Feb. 24, 1910).</subfield></datafield><datafield ind1=" " ind2=" " tag="752"><subfield code="a">United States</subfield><subfield code="b">Alabama</subfield><subfield code="c">Pike</subfield><subfield code="d">Troy.</subfield></datafield></record>